@book{Harrison_1997,
  title={Introduction to Functional Programming},
  author={Harrison, John},
  year={1997},
  month={12}
}
